@book{lifschitz2008handbook,
  title={Handbook of Knowledge Representation},
  author={Lifschitz, Vladimir and Porter, Bruce and Van Harmelen, Frank},
  year={2008},
  publisher={Elsevier}
}

@misc{chater2006probabilistic,
  title={Probabilistic models of cognition: Conceptual foundations},
  author={Chater, Nick and Tenenbaum, Joshua B and Yuille, Alan},
  year={2006},
  publisher={Elsevier}
}

@book{minker2012logic,
  title={Logic-based artificial intelligence},
  author={Minker, Jack},
  volume={597},
  year={2012},
  publisher={Springer Science \& Business Media}
}

@book{koller2009probabilistic,
  title={Probabilistic graphical models: principles and techniques},
  author={Koller, Daphne and Friedman, Nir},
  year={2009},
  publisher={MIT press}
}

@book{murphy2012machine,
  title={Machine learning: a probabilistic perspective},
  author={Murphy, Kevin P},
  year={2012},
  publisher={MIT press}
}

@book{deisenroth2020mathematics,
  title={Mathematics for machine learning},
  author={Deisenroth, Marc Peter and Faisal, A Aldo and Ong, Cheng Soon},
  year={2020},
  publisher={Cambridge University Press}
}

@inproceedings{saxena2016convolutional,
  title={Convolutional neural fabrics},
  author={Saxena, Shreyas and Verbeek, Jakob},
  booktitle={Advances in Neural Information Processing Systems},
  pages={4053--4061},
  year={2016}
}

@inproceedings{xie2017genetic,
  title={Genetic cnn},
  author={Xie, Lingxi and Yuille, Alan},
  booktitle={Proceedings of the IEEE international conference on computer vision},
  pages={1379--1388},
  year={2017}
}


@article{lathuiliere2019comprehensive,
  title={A comprehensive analysis of deep regression},
  author={Lathuili{\`e}re, St{\'e}phane and Mesejo, Pablo and Alameda-Pineda, Xavier and Horaud, Radu},
  journal={IEEE transactions on pattern analysis and machine intelligence},
  year=2019,
  publisher={IEEE}
}

@article{devlin2018bert,
  title={Bert: Pre-training of deep bidirectional transformers for language understanding},
  author={Devlin, Jacob and Chang, Ming-Wei and Lee, Kenton and Toutanova, Kristina},
  journal={arXiv preprint arXiv:1810.04805},
  year={2018}
}

@inproceedings{cortes2017adanet,
  title={Adanet: Adaptive structural learning of artificial neural networks},
  author={Cortes, Corinna and Gonzalvo, Xavier and Kuznetsov, Vitaly and Mohri, Mehryar and Yang, Scott},
  booktitle={Proceedings of the 34th International Conference on Machine Learning-Volume 70},
  pages={874--883},
  year={2017},
  organization={JMLR. org}
}


@article{fox2003pddl2,
  title={PDDL2. 1: An extension to PDDL for expressing temporal planning domains},
  author={Fox, Maria and Long, Derek},
  journal={Journal of artificial intelligence research},
  volume={20},
  pages={61--124},
  year={2003}
}


@inproceedings{nakawala2018approaches,
  title={Approaches for action sequence representation in robotics: a review},
  author={Nakawala, Hirenkumar and Goncalves, Paulo JS and Fiorini, Paolo and Ferringo, Giancarlo and De Momi, Elena},
  booktitle={2018 IEEE/RSJ International Conference on Intelligent Robots and Systems (IROS)},
  pages={5666--5671},
  year=2018,
  organization={IEEE}
}

@inproceedings{jothimurugan2019composable,
  title={A Composable Specification Language for Reinforcement Learning Tasks},
  author={Jothimurugan, Kishor and Alur, Rajeev and Bastani, Osbert},
  booktitle={Advances in Neural Information Processing Systems},
  pages={13021--13030},
  year={2019}
}

@inproceedings{li2017reinforcement,
  title={Reinforcement learning with temporal logic rewards},
  author={Li, Xiao and Vasile, Cristian-Ioan and Belta, Calin},
  booktitle={2017 IEEE/RSJ International Conference on Intelligent Robots and Systems (IROS)},
  pages={3834--3839},
  year={2017},
  organization={IEEE}
}

@inproceedings{thielscher2011general,
  title={The general game playing description language is universal},
  author={Thielscher, Michael},
  booktitle={Twenty-Second International Joint Conference on Artificial Intelligence},
  year={2011}
}

@inproceedings{jiang2016epistemic,
  title={Epistemic GDL: A Logic for Representing and Reasoning about Imperfect Information Games.},
  author={Jiang, Guifei and Zhang, Dongmo and Perrussel, Laurent and Zhang, Heng},
  booktitle={IJCAI},
  volume={16},
  pages={1138--1144},
  year={2016}
}

@inproceedings{kowalski2016towards,
  title={Towards a Real-time Game Description Language.},
  author={Kowalski, Jakub and Kisielewicz, Andrzej},
  booktitle={ICAART (2)},
  pages={494--499},
  year={2016}
}

@article{arrieta2020explainable,
  title={Explainable Artificial Intelligence (XAI): Concepts, taxonomies, opportunities and challenges toward responsible AI},
  author={Arrieta, Alejandro Barredo and D{\'\i}az-Rodr{\'\i}guez, Natalia and Del Ser, Javier and Bennetot, Adrien and Tabik, Siham and Barbado, Alberto and Garc{\'\i}a, Salvador and Gil-L{\'o}pez, Sergio and Molina, Daniel and Benjamins, Richard and others},
  journal={Information Fusion},
  volume={58},
  pages={82--115},
  year={2020},
  publisher={Elsevier}
}

@book{nocedal2006numerical,
  title={Numerical optimization},
  author={Nocedal, Jorge and Wright, Stephen},
  year={2006},
  publisher={Springer Science \& Business Media}
}

@inproceedings{de2018learning,
  title={Learning constraints from examples},
  author={De Raedt, Luc and Passerini, Andrea and Teso, Stefano},
  booktitle={Thirty-Second AAAI Conference on Artificial Intelligence},
  year={2018}
}

@article{holzinger2019causability,
  title={Causability and explainability of artificial intelligence in medicine},
  author={Holzinger, Andreas and Langs, Georg and Denk, Helmut and Zatloukal, Kurt and M{\"u}ller, Heimo},
  journal={Wiley Interdisciplinary Reviews: Data Mining and Knowledge Discovery},
  volume={9},
  number={4},
  pages={e1312},
  year={2019},
  publisher={Wiley Online Library}
}


@article{chajewska2013defining,
  title={Defining explanation in probabilistic systems},
  author={Chajewska, Urszula and Halpern, Joseph Y},
  journal={arXiv preprint arXiv:1302.1526},
  year={2013}
}

@article{halpern2005causes1,
  title={Causes and explanations: A structural-model approach. Part I: Causes},
  author={Halpern, Joseph Y and Pearl, Judea},
  journal={The British journal for the philosophy of science},
  volume={56},
  number={4},
  pages={843--887},
  year={2005},
  publisher={Oxford University Press}
}

@article{halpern2005causes2,
  title={Causes and explanations: A structural-model approach. Part II: Explanations},
  author={Halpern, Joseph Y and Pearl, Judea},
  journal={The British journal for the philosophy of science},
  volume={56},
  number={4},
  pages={889--911},
  year={2005},
  publisher={Oxford University Press}
}

@article{sprenger2018foundations,
  title={Foundations of a Probabilistic Theory of Causal Strength},
  author={Sprenger, Jan},
  journal={Philosophical Review},
  volume={127},
  number={3},
  pages={371--398},
  year={2018},
  publisher={Duke University Press Durham, NC}
}

@book{peters2017elements,
  title={Elements of causal inference: foundations and learning algorithms},
  author={Peters, Jonas and Janzing, Dominik and Sch{\"o}lkopf, Bernhard},
  year={2017},
  publisher={MIT press}
}

@article{chattopadhyay2019neural,
  title={Neural network attributions: A causal perspective},
  author={Chattopadhyay, Aditya and Manupriya, Piyushi and Sarkar, Anirban and Balasubramanian, Vineeth N},
  journal={arXiv preprint arXiv:1902.02302},
  year={2019}
}

@book{pearl2009causality,
  title={Causality},
  author={Pearl, Judea},
  year={2009},
  publisher={Cambridge university press}
}


@article{madumal2019explainable,
  title={Explainable reinforcement learning through a causal lens},
  author={Madumal, Prashan and Miller, Tim and Sonenberg, Liz and Vetere, Frank},
  journal={arXiv preprint arXiv:1905.10958},
  year={2019}
}

@article{sequeira2019interestingness,
  title={Interestingness Elements for Explainable Reinforcement Learning: Understanding Agents' Capabilities and Limitations},
  author={Sequeira, Pedro and Gervasio, Melinda},
  journal={arXiv preprint arXiv:1912.09007},
  year={2019}
}

@article{puiutta2020explainable,
  title={Explainable Reinforcement Learning: A Survey},
  author={Puiutta, Erika and Veith, Eric},
  journal={arXiv preprint arXiv:2005.06247},
  year={2020}
}

@article{chakraborti2020emerging,
  title={The Emerging Landscape of Explainable AI Planning and Decision Making},
  author={Chakraborti, Tathagata and Sreedharan, Sarath and Kambhampati, Subbarao},
  journal={arXiv preprint arXiv:2002.11697},
  year={2020}
}

@article{miller2018contrastive,
  title={Contrastive explanation: A structural-model approach},
  author={Miller, Tim},
  journal={arXiv preprint arXiv:1811.03163},
  year={2018}
}

@article{merrick2019explanation,
  title={The Explanation Game: Explaining Machine Learning Models with Cooperative Game Theory},
  author={Merrick, Luke and Taly, Ankur},
  journal={arXiv preprint arXiv:1909.08128},
  year={2019}
}


@inproceedings{vcyras2019argumentation,
  title={Argumentation for explainable scheduling},
  author={{\v{C}}yras, Kristijonas and Letsios, Dimitrios and Misener, Ruth and Toni, Francesca},
  booktitle={Proceedings of the AAAI Conference on Artificial Intelligence},
  volume={33},
  pages={2752--2759},
  year={2019}
}


@incollection{kwiatkowska2018probabilistic,
  title={Probabilistic model checking: Advances and applications},
  author={Kwiatkowska, Marta and Norman, Gethin and Parker, David},
  booktitle={Formal System Verification},
  pages={73--121},
  year={2018},
  publisher={Springer}
}

@incollection{clarke2018introduction,
  title={Introduction to model checking},
  author={Clarke, Edmund M and Henzinger, Thomas A and Veith, Helmut},
  booktitle={Handbook of Model Checking},
  pages={1--26},
  year={2018},
  publisher={Springer}
}

@InProceedings{pmlr-v72-shih18a,
  title = 	 {Formal Verification of Bayesian Network Classifiers},
  author = 	 {Shih, Andy and Choi, Arthur and Darwiche, Adnan},
  booktitle = 	 {Proceedings of the Ninth International Conference on Probabilistic Graphical Models},
  pages = 	 {427--438},
  year = 	 {2018},
  editor = 	 {Kratochv\'{i}l, V\'{a}clav and Studen\'{y}, Milan},
  volume = 	 {72},
  series = 	 {Proceedings of Machine Learning Research},
  address = 	 {Prague, Czech Republic},
  month = 	 {11--14 Sep},
  publisher = 	 {PMLR},
  pdf = 	 {http://proceedings.mlr.press/v72/shih18a/shih18a.pdf},
  url = 	 {http://proceedings.mlr.press/v72/shih18a.html},
  abstract = 	 {A new approach was recently proposed for {\em explaining} the decisions made by Bayesian network classifiers. This approach is based on first compiling a given classifier (i.e., its decision function) into a tractable representation called an Ordered Decision Diagram (ODD). Given an ODD representation of the decision function, we get the ability to provide reasons for why a classifier labels a given instance positively or negatively. We show in this paper that this approach also gives us the ability to {\em verify} the behavior of classifiers. We also provide case studies in explaining and verifying classifiers for some real-world domains, such as in medical diagnosis and educational assessment.}
}

@article{van2017challenges,
  title={Challenges in the verification of reinforcement learning algorithms},
  author={Van Wesel, Perry and Goodloe, Alwyn E},
  year={2017}
}



@misc{kohli2019towards,
  title={Towards robust and verified AI: specification testing, robust training, and formal verification. Deepmind. Medium, 28 March 2019},
  author={Kohli, P and Gowal, S and Dvijotham, K and Uesato, J},
  year={2019},
  note={\url{https://deepmind.com/blog/article/robust-and-verified-ai}}
}

@inproceedings{narodytska2018formal,
  title={Formal analysis of deep binarized neural networks},
  author={Narodytska, Nina},
  booktitle={Proceedings of the 27th International Joint Conference on Artificial Intelligence},
  pages={5692--5696},
  year={2018}
}

@misc{ethicGuidelines2019,
author={Independent High-Level Expert Group On Artificial Intelligence Set Up By The European Commission},
title={Ethics Guidelines For Trustworthy AI},
year={2019},
note={\url{https://ec.europa.eu/newsroom/dae/document.cfm?doc_id=60419}}}

@inproceedings{Jothimurugan2019TechniquesFV,
  title={Techniques for Verifying Robustness of Neural Networks},
  author={Kishor Jothimurugan},
  year={2019}
}

@inproceedings{lecuyer2019certified,
  title={Certified robustness to adversarial examples with differential privacy},
  author={Lecuyer, Mathias and Atlidakis, Vaggelis and Geambasu, Roxana and Hsu, Daniel and Jana, Suman},
  booktitle={2019 IEEE Symposium on Security and Privacy (SP)},
  pages={656--672},
  year={2019},
  organization={IEEE}
}

@inproceedings{van2019six,
  title={Six Challenges for Human-AI Co-learning},
  author={van den Bosch, Karel and Schoonderwoerd, Tjeerd and Blankendaal, Romy and Neerincx, Mark},
  booktitle={International Conference on Human-Computer Interaction},
  pages={572--589},
  year={2019},
  organization={Springer}
}

@article{huang2019human,
  title={Human-AI Co-Learning for Data-Driven AI},
  author={Huang, Yi-Ching and Cheng, Yu-Ting and Chen, Lin-Lin and Hsu, Jane Yung-jen},
  journal={arXiv preprint arXiv:1910.12544},
  year={2019}
}

@article{pei2017towards,
  title={Towards practical verification of machine learning: The case of computer vision systems},
  author={Pei, Kexin and Cao, Yinzhi and Yang, Junfeng and Jana, Suman},
  journal={arXiv preprint arXiv:1712.01785},
  year={2017}
}

@article{gudivada2017data,
  title={Data quality considerations for big data and machine learning: Going beyond data cleaning and transformations},
  author={Gudivada, Venkat and Apon, Amy and Ding, Junhua},
  journal={International Journal on Advances in Software},
  volume={10},
  number={1},
  pages={1--20},
  year={2017}
}

@article{Amato2015AMD,
  title={A model driven approach to data privacy verification in E-Health systems},
  author={Flora Amato and Francesco Moscato},
  journal={Trans. Data Priv.},
  year={2015},
  volume={8},
  pages={273-296}
}

@article{daniel2018quality,
  title={Quality control in crowdsourcing: A survey of quality attributes, assessment techniques, and assurance actions},
  author={Daniel, Florian and Kucherbaev, Pavel and Cappiello, Cinzia and Benatallah, Boualem and Allahbakhsh, Mohammad},
  journal={ACM Computing Surveys (CSUR)},
  volume={51},
  number={1},
  pages={1--40},
  year={2018},
  publisher={ACM New York, NY, USA}
}

@inproceedings{kroger2018unexpected,
  title={Unexpected inferences from sensor data: a hidden privacy threat in the internet of things},
  author={Kr{\"o}ger, Jacob},
  booktitle={IFIP International Internet of Things Conference},
  pages={147--159},
  year={2018},
  organization={Springer}
}


@inproceedings{Kaur2019BuildingSM,
  title={Building Shared Mental Models between Humans and AI for Effective Collaboration},
  author={Harmanpreet Kaur},
  year={2019}
}

@misc{sustAI2019,
title={SUSTAINABLE AI: An inventory of the state of knowledge of
                  ethical, social, and legal challenges related to
                  artificial intelligence},
author={ Stefan Larsson and Mikael Anneroth and Anna Felländer and
                  Li Felländer-Tsai and Fredrik Heintz and Rebecka
                  Cedering \.Angstr\"om}, 
publisher={Bibliometric analysis by Fredrik \.Aström, Lund University}
}

@article{zuiderveen2018discrimination,
  title={Discrimination, artificial intelligence, and algorithmic decision-making},
  author={Zuiderveen Borgesius, F and others},
  year={2018},
  publisher={StrasbourgCouncil of Europe, Directorate General of Democracy}
}

@misc{ai4eu-D3.4,
title:={{AI4EU} {D}eliverable {D3.4 M}anual on platform knowledge modelling},
author={Antonis Koukourikos and  Costas Spyropoulos and Charis Akasiadis and Antonis Koukourikos and Olivier Corby},
year=2020}


@article{hawley2019challenges,
  title={Challenges for an Ontology of Artificial Intelligence},
  author={Hawley, Scott H},
  journal={arXiv preprint arXiv:1903.03171},
  year={2019}
}
